%% This BibTeX bibliography file was created using BibDesk.
%% https://bibdesk.sourceforge.io/

%% Created for José Ramón Ortiz Castañeda at 2024-09-01 19:00:52 -0600 


%% Saved with string encoding Unicode (UTF-8) 



@misc{hartmann-2010,
	author = {Hartmann, Erich},
	date-added = {2024-09-01 19:00:51 -0600},
	date-modified = {2024-09-01 19:00:51 -0600},
	month = {6},
	title = {{Richtfeuer Nordenham}},
	url = {https://www.deutsche-leuchtfeuer.de/binnen/weser/nordenham.html},
	year = {2010},
	bdsk-url-1 = {https://www.deutsche-leuchtfeuer.de/binnen/weser/nordenham.html}}

@misc{mansurov-2024,
	author = {Mansurov, Nasim},
	date-added = {2024-09-01 18:07:48 -0600},
	date-modified = {2024-09-01 18:07:48 -0600},
	month = {5},
	title = {{EXIF data explained}},
	url = {https://photographylife.com/what-is-exif-data},
	year = {2024},
	bdsk-url-1 = {https://photographylife.com/what-is-exif-data}}

@online{osint_definition,
	author = {IBM},
	note = {Accessed: 2024-09-01},
	title = {What is OSINT (Open Source Intelligence)?},
	url = {https://www.ibm.com/topics/osint},
	year = {2024},
	bdsk-url-1 = {https://www.ibm.com/topics/osint}}

@book{osint_sources,
	author = {Raefer J. Lawrence},
	isbn = {B0BRDLYX75},
	publisher = {Amazon Digital Services LLC - KDP Print US},
	title = {Open Source Intelligence Techniques: Resources for Searching and Analyzing Online Information},
	url = {https://www.amazon.com/gp/product/B0BRDLYX75/ref=x_gr_bb_amazon?ie=UTF8&tag=x_gr_bb_amazon-20&linkCode=as2&camp=1789&creative=9325&creativeASIN=B0BRDLYX75&SubscriptionId=1MGPYB6YW3HWK55XCGG2},
	year = {2023},
	bdsk-url-1 = {https://www.amazon.com/gp/product/B0BRDLYX75/ref=x_gr_bb_amazon?ie=UTF8&tag=x_gr_bb_amazon-20&linkCode=as2&camp=1789&creative=9325&creativeASIN=B0BRDLYX75&SubscriptionId=1MGPYB6YW3HWK55XCGG2}}

@article{osint_applications,
	author = {Aditya Busane and J Eswar and Dr. Jyothi N M and N. V. P. J.},
	journal = {International Journal of Intelligent Systems and Applications in Engineering},
	note = {Accessed: 2024-09-01},
	number = {3},
	pages = {1648--1652},
	title = {Unlocking Clues: The Power of OSINT in Modern Investigations},
	url = {https://ijisae.org/index.php/IJISAE/article/view/5565},
	volume = {12},
	year = {2024},
	bdsk-url-1 = {https://ijisae.org/index.php/IJISAE/article/view/5565}}
